<record><leader>00000cas a22000007a 4500</leader><controlfield tag="001">2252338</controlfield><controlfield tag="008">760620d18821964nduwr ne      0   a0eng d</controlfield><datafield ind1=" " ind2=" " tag="010"><subfield code="a">sn 87096037 </subfield></datafield><datafield ind1=" " ind2=" " tag="040"><subfield code="a">MUL</subfield><subfield code="b">eng</subfield><subfield code="c">MUL</subfield><subfield code="d">NOP</subfield><subfield code="d">OCLCQ</subfield><subfield code="d">DLC</subfield><subfield code="d">OCLCF</subfield></datafield><datafield ind1="0" ind2=" " tag="022"><subfield code="a">2470-5586</subfield><subfield code="2">1</subfield></datafield><datafield ind1="1" ind2=" " tag="029"><subfield code="a">AU@</subfield><subfield code="b">000025789872</subfield></datafield><datafield ind1=" " ind2=" " tag="042"><subfield code="a">msc</subfield><subfield code="a">nsdp</subfield></datafield><datafield ind1=" " ind2=" " tag="043"><subfield code="a">n-us-nd</subfield></datafield><datafield ind1="0" ind2="0" tag="050"><subfield code="a">Newspaper</subfield></datafield><datafield ind1="1" ind2="0" tag="082"><subfield code="a">071</subfield><subfield code="2">23</subfield></datafield><datafield ind1=" " ind2="4" tag="222"><subfield code="a">The Hope pioneer</subfield><subfield code="b">(Print)</subfield></datafield><datafield ind1="0" ind2="4" tag="245"><subfield code="a">The Hope pioneer.</subfield></datafield><datafield ind1="3" ind2="0" tag="246"><subfield code="a">Hope pioneer and Steele County progress</subfield></datafield><datafield ind1=" " ind2=" " tag="260"><subfield code="a">Hope, N.D. :</subfield><subfield code="b">Hope Print. Co.</subfield></datafield><datafield ind1=" " ind2=" " tag="300"><subfield code="a">83 v. :</subfield><subfield code="b">ill. ;</subfield><subfield code="c">41-61 cm.</subfield></datafield><datafield ind1=" " ind2=" " tag="310"><subfield code="a">Weekly</subfield></datafield><datafield ind1="1" ind2=" " tag="362"><subfield code="a">Began in 1882.</subfield></datafield><datafield ind1="0" ind2=" " tag="362"><subfield code="a">-v. 83 no. 7 (May 28, 1964).</subfield></datafield><datafield ind1=" " ind2=" " tag="500"><subfield code="a">Published as: The Hope pioneer and Steele County progress, May 9-June 6, 1901.</subfield></datafield><datafield ind1=" " ind2=" " tag="500"><subfield code="a">"Official journal of Steele County."</subfield></datafield><datafield ind1=" " ind2=" " tag="530"><subfield code="a">Available on microfilm from the State Historical Society of North Dakota.</subfield></datafield><datafield ind1=" " ind2=" " tag="530"><subfield code="a">Archived issues are available in digital format from the Library of Congress Chronicling America online collection.</subfield></datafield><datafield ind1=" " ind2=" " tag="588"><subfield code="a">Description based on: Vol. 2, no. 1 (Apr. 27, 1883).</subfield></datafield><datafield ind1=" " ind2="0" tag="651"><subfield code="a">Hope (N.D.)</subfield><subfield code="v">Newspapers.</subfield></datafield><datafield ind1=" " ind2="7" tag="655"><subfield code="a">Newspapers.</subfield><subfield code="2">fast</subfield><subfield code="0">(OCoLC)fst01423814</subfield></datafield><datafield ind1=" " ind2="7" tag="651"><subfield code="a">North Dakota</subfield><subfield code="z">Hope.</subfield><subfield code="2">fast</subfield><subfield code="0">(OCoLC)fst01280402</subfield></datafield><datafield ind1=" " ind2=" " tag="752"><subfield code="a">United States</subfield><subfield code="b">North Dakota</subfield><subfield code="c">Steele</subfield><subfield code="d">Hope.</subfield></datafield><datafield ind1=" " ind2=" " tag="752"><subfield code="a">United States</subfield><subfield code="b">North Dakota</subfield><subfield code="c">Griggs</subfield><subfield code="d">Hope.</subfield></datafield><datafield ind1="0" ind2="8" tag="776"><subfield code="i">Online version:</subfield><subfield code="t">Hope pioneer</subfield><subfield code="x">2470-5594</subfield><subfield code="w">(DLC)  2015270799</subfield><subfield code="w">(OCoLC)936118316</subfield></datafield><datafield ind1="0" ind2="5" tag="780"><subfield code="t">Steele County progress</subfield><subfield code="w">(DLC)sn 87096050</subfield></datafield><datafield ind1="4" ind2="1" tag="856"><subfield code="u">http://www.loc.gov/chroniclingamerica/lccn/sn87096037/issues</subfield></datafield></record>